@ARTICLE{salt-physical-paper,
    AUTHOR="Ivan Mariano Di Vito, Pablo Gomez, Ariel Lutenberg",
    TITLE="Sistema de supervisión de la seguridad del material
ferroviario utilizando patrones de diseño",
    JOURNAL="Journal",
    YEAR="2019",
}

@misc{gicsafe,
	author = {{CONICET-GICSAFe}},
	url = {https://sites.google.com/view/conicet-gicsafe/inicio},
	note = {Online},
  year = {2023}
}


@misc{trenes-argentinos,
	author = {{Trenes Argentinos}},
	url = {https://www.argentina.gob.ar/transporte/trenes},
	note = {Online},
  year = {2023}
}

@misc{nucleo-kit,
	author = {{NUCLEO-F429ZI}},
	url = {https://www.st.com/en/evaluation-tools/nucleo-f429zi.html},
	note = {Online},
  year = {2023}
}

@misc{mqtt,
	author = {{MQTT}},
	url = {https://mqtt.org/},
	note = {Online},
  year = {2023}
}

@misc{mosquitto,
	author = {{Eclipse Mosquitto}},
	url = {https://mosquitto.org/},
	note = {Online},
  year = {2023}
}

@misc{kafka,
	author = {{Kafka}},
	url = {https://kafka.apache.org/},
	note = {Online},
  year = {2023}
}

@misc{mqtt-security,
	author = {{TLS/SSL - MQTT Security Fundamentals}},
	url = {https://www.hivemq.com/blog/mqtt-security-fundamentals-tls-ssl/},
	note = {Online},
  year = {2023}
}

@misc{postgresql,
	author = {{PostgreSQL}},
	url = {https://www.postgresql.org/},
	note = {Online},
  year = {2023}
}

@misc{kotlin,
	author = {{Kotlin}},
	url = {https://kotlinlang.org/},
	note = {Online},
  year = {2023}
}

@misc{ktor,
	author = {{Ktor}},
	url = {https://ktor.io/},
	note = {Online},
  year = {2023}
}

@misc{hasura,
	author = {{Hasura}},
	url = {https://hasura.io/},
	note = {Online},
  year = {2023}
}

@misc{graphql,
	author = {{GraphQL}},
	url = {https://graphql.org/},
	note = {Online},
  year = {2023}
}

@misc{typescript,
	author = {{TypeScript}},
	url = {https://www.typescriptlang.org/},
	note = {Online},
  year = {2023}
}

@misc{react,
	author = {{React}},
	url = {https://reactjs.org/},
	note = {Online},
  year = {2023}
}

@misc{parcel,
	author = {{Parcel}},
	url = {https://parceljs.org/},
	note = {Online},
  year = {2023}
}

@misc{apollo-graphql,
	author = {{Apollo GraphQL}},
	url = {https://www.apollographql.com/},
	note = {Online},
  year = {2023}
}

@misc{material-ui,
	author = {{Material UI}},
	url = {https://mui.com/},
	note = {Online},
  year = {2023}
}

@misc{jwt-decode,
	author = {{JWT Decode}},
	url = {https://jwt.io/},
	note = {Online},
  year = {2023}
}


@misc{lwip,
	author = {{lwIP}},
	url = {https://savannah.nongnu.org/projects/lwip/},
	note = {Online},
  year = {2023}
}

@misc{http,
	author = {{HTTP}},
	url = {https://www.ietf.org/rfc/rfc2616.txt},
	note = {Online},
  year = {2023}
}

@misc{dhcp,
	author = {{DHCP}},
	url = {https://www.rfc-editor.org/rfc/rfc2131},
	note = {Online},
  year = {2023}
}

@misc{udp,
	author = {{UDP}},
	url = {https://www.rfc-es.org/rfc/rfc0768-es.txt},
	note = {Online},
  year = {2023}
}

@misc{ipv4,
	author = {{IPv4}},
	url = {https://www.rfc-editor.org/rfc/rfc791},
	note = {Online},
  year = {2023}
}

@misc{arp,
	author = {{ARP}},
	url = {https://tools.ietf.org/html/rfc826},
	note = {Online},
  year = {2023}
}

@misc{ethernet,
	author = {{Ethernet}},
	url = {https://www.rfc-editor.org/rfc/rfc894},
	note = {Online},
  year = {2023}
}

@misc{c-lang,
	author = {{Lenguaje C}},
	url = {https://www.iso.org/standard/74528.html},
	note = {Online},
  year = {2023}
}

@misc{free-rtos,
	author = {{FreeRTOS}},
	url = {https://www.freertos.org/},
	note = {Online},
  year = {2023}
}

@misc{paho-mqtt,
	author = {{Paho MQTT Client}},
	url = {https://www.eclipse.org/paho/},
	note = {Online},
  year = {2023}
}

@misc{docker,
	author = {{Docker}},
	url = {https://www.docker.com/},
	note = {Online},
  year = {2023}
}

@misc{docker-compose,
	author = {{Docker Compose}},
	url = {https://docs.docker.com/compose/},
	note = {Online},
  year = {2023}
}

@misc{redpanda,
	author = {{Redpanda}},
	url = {https://vectorized.io/},
	note = {Online},
  year = {2023}
}

@misc{git,
	author = {{Git}},
	url = {https://git-scm.com/},
	note = {Online},
  year = {2023}
}

@misc{mqtt-fx,
	author = {{MQTT.fx}},
	url = {https://softblade.de/en/mqtt-fx/},
	note = {Online},
  year = {2023}
}

@misc{clion,
	author = {{CLion}},
	url = {https://www.jetbrains.com/es-es/clion/},
	note = {Online},
  year = {2023}
}

@misc{wireshark,
	author = {{Wireshark}},
	url = {https://www.wireshark.org/},
	note = {Online},
  year = {2023}
}

@misc{jtag,
	author = {{JTAG}},
	url = {https://www.jtag.com/},
	note = {Online},
  year = {2023}
}

@misc{st-link,
	author = {{ST-Link}},
	url = {https://www.st.com/en/development-tools/st-link-v2.html},
	note = {Online},
  year = {2023}
}

@misc{stm32-cubemx,
	author = {{STM32CubeMX}},
	url = {https://www.st.com/en/development-tools/stm32cubemx.html},
	note = {Online},
  year = {2023}
}

@misc{stm32-cubeprogrammer,
	author = {{STM32CubeProgrammer}},
	url = {https://www.st.com/en/development-tools/stm32cubeprog.html},
	note = {Online},
  year = {2023}
}


